
@Article{	  lu2011optimal,
  author	= {Lu, B. and Greevy, R. and Xu, X. and Beck, C.},
  date-added	= {2011-04-19 12:50:04 -0500},
  date-modified	= {2011-04-19 12:50:04 -0500},
  issn		= {0003-1305},
  journal	= {The American Statistician},
  number	= {1},
  pages		= {21--30},
  publisher	= {ASA},
  title		= {Optimal nonbipartite matching and its statistical
		  applications},
  volume	= {65},
  year		= {2011},
  bdsk-file-1	= {YnBsaXN0MDDUAQIDBAUIJidUJHRvcFgkb2JqZWN0c1gkdmVyc2lvblkkYXJjaGl2ZXLRBgdUcm9vdIABqAkKFRYXGyIjVSRudWxs0wsMDQ4RFFpOUy5vYmplY3RzV05TLmtleXNWJGNsYXNzog8QgASABqISE4ACgAOAB1lhbGlhc0RhdGFccmVsYXRpdmVQYXRo0hgNGRpXTlMuZGF0YU8RAbYAAAAAAbYAAgAADEZpc2hlck1haW5IRAAAAAAAAAAAAAAAAAAAAMPy711IKwAAAC3J4xlMdTIwMTF7bHUyMDExb3B0aW1hbH0ucGRmAAAAAAAAAAAAAAAAAAAAAAAAAAAAAAAAAAAAAAAAAAAAAAAAAAAGQhmsydM1ZAAAAAAAAAAAAAIAAwAACSAAAAAAAAAAAAAAAAAAAAAGUEFQRVJTABAACAAAw/NDvQAAABEACAAAydN7tAAAAAEAEAAtyeMAr3FvAArW1QAAem4AAgBERmlzaGVyTWFpbkhEOlVzZXJzOmp3Ym93ZXJzOkRyb3Bib3g6UEFQRVJTOkx1MjAxMXtsdTIwMTFvcHRpbWFsfS5wZGYADgA0ABkATAB1ADIAMAAxADEAewBsAHUAMgAwADEAMQBvAHAAdABpAG0AYQBsAH0ALgBwAGQAZgAPABoADABGAGkAcwBoAGUAcgBNAGEAaQBuAEgARAASADdVc2Vycy9qd2Jvd2Vycy9Ecm9wYm94L1BBUEVSUy9MdTIwMTF7bHUyMDExb3B0aW1hbH0ucGRmAAATAAEvAAAVAAIAD///AACABdIcHR4fWCRjbGFzc2VzWiRjbGFzc25hbWWjHyAhXU5TTXV0YWJsZURhdGFWTlNEYXRhWE5TT2JqZWN0XxAuLi4vLi4vRHJvcGJveC9QQVBFUlMvTHUyMDExe2x1MjAxMW9wdGltYWx9LnBkZtIcHSQloiUhXE5TRGljdGlvbmFyeRIAAYagXxAPTlNLZXllZEFyY2hpdmVyAAgAEQAWAB8AKAAyADUAOgA8AEUASwBSAF0AZQBsAG8AcQBzAHYAeAB6AHwAhgCTAJgAoAJaAlwCYQJqAnUCeQKHAo4ClwLIAs0C0ALdAuIAAAAAAAACAQAAAAAAAAAoAAAAAAAAAAAAAAAAAAAC9A==}
		  
}

@Article{	  sovey2011instrumental,
  author	= {Sovey, Allison J. and Donald P. Green},
  date-added	= {2011-04-20 13:55:43 -0500},
  date-modified	= {2011-04-20 13:59:14 -0500},
  issn		= {1540-5907},
  journal	= {American Journal of Political Science},
  number	= {1},
  pages		= {188---200},
  publisher	= {Wiley Online Library},
  title		= {Instrumental Variables Estimation in Political Science: A
		  Readers Guide},
  volume	= {55},
  year		= {2011},
  bdsk-file-1	= {YnBsaXN0MDDUAQIDBAUIJidUJHRvcFgkb2JqZWN0c1gkdmVyc2lvblkkYXJjaGl2ZXLRBgdUcm9vdIABqAkKFRYXGyIjVSRudWxs0wsMDQ4RFFpOUy5vYmplY3RzV05TLmtleXNWJGNsYXNzog8QgASABqISE4ACgAOAB1lhbGlhc0RhdGFccmVsYXRpdmVQYXRo0hgNGRpXTlMuZGF0YU8RAdAAAAAAAdAAAgAADE1hY2ludG9zaCBIRAAAAAAAAAAAAAAAAAAAAMUftgFIKwAAAiRL/xpzb3ZleTIwMTFpbnN0cnVtZW50YWwwLnBkZgAAAAAAAAAAAAAAAAAAAAAAAAAAAAAAAAAAAAAAAAAAAAAAAAACN3xuydSXBwAAAAAAAAAAAAIAAwAACSAAAAAAAAAAAAAAAAAAAAANRGVzdGlueVBhcGVycwAAEAAIAADFH/xRAAAAEQAIAADJ1N1XAAAAAQAQAiRL/wDL+xEACkvhAAB8EQACAExNYWNpbnRvc2ggSEQ6VXNlcnM6andib3dlcnM6RHJvcGJveDpEZXN0aW55UGFwZXJzOnNvdmV5MjAxMWluc3RydW1lbnRhbDAucGRmAA4ANgAaAHMAbwB2AGUAeQAyADAAMQAxAGkAbgBzAHQAcgB1AG0AZQBuAHQAYQBsADAALgBwAGQAZgAPABoADABNAGEAYwBpAG4AdABvAHMAaAAgAEgARAASAD9Vc2Vycy9qd2Jvd2Vycy9Ecm9wYm94L0Rlc3RpbnlQYXBlcnMvc292ZXkyMDExaW5zdHJ1bWVudGFsMC5wZGYAABMAAS8AABUAAgAP//8AAIAF0hwdHh9YJGNsYXNzZXNaJGNsYXNzbmFtZaMfICFdTlNNdXRhYmxlRGF0YVZOU0RhdGFYTlNPYmplY3RfEDYuLi8uLi9Ecm9wYm94L0Rlc3RpbnlQYXBlcnMvc292ZXkyMDExaW5zdHJ1bWVudGFsMC5wZGbSHB0kJaIlIVxOU0RpY3Rpb25hcnkSAAGGoF8QD05TS2V5ZWRBcmNoaXZlcgAIABEAFgAfACgAMgA1ADoAPABFAEsAUgBdAGUAbABvAHEAcwB2AHgAegB8AIYAkwCYAKACdAJ2AnsChAKPApMCoQKoArEC6gLvAvIC/wMEAAAAAAAAAgEAAAAAAAAAKAAAAAAAAAAAAAAAAAAAAxY=}
		  
}

@Article{	  dunning2008model,
  author	= {Dunning, T.},
  date-added	= {2011-04-20 13:46:05 -0500},
  date-modified	= {2011-04-20 13:46:05 -0500},
  issn		= {1047-1987},
  journal	= {Political Analysis},
  number	= {3},
  pages		= {290},
  publisher	= {SPM-PMSAPSA},
  title		= {Model specification in instrumental-variables regression},
  volume	= {16},
  year		= {2008},
  bdsk-file-1	= {YnBsaXN0MDDUAQIDBAUIJidUJHRvcFgkb2JqZWN0c1gkdmVyc2lvblkkYXJjaGl2ZXLRBgdUcm9vdIABqAkKFRYXGyIjVSRudWxs0wsMDQ4RFFpOUy5vYmplY3RzV05TLmtleXNWJGNsYXNzog8QgASABqISE4ACgAOAB1lhbGlhc0RhdGFccmVsYXRpdmVQYXRo0hgNGRpXTlMuZGF0YU8RAbwAAAAAAbwAAgAADE1hY2ludG9zaCBIRAAAAAAAAAAAAAAAAAAAAMUftgFIKwAAAiRL/xVkdW5uaW5nMjAwOG1vZGVsMC5wZGYAAAAAAAAAAAAAAAAAAAAAAAAAAAAAAAAAAAAAAAAAAAAAAAAAAAAAAAACN2MFydSUjgAAAAAAAAAAAAIAAwAACSAAAAAAAAAAAAAAAAAAAAANRGVzdGlueVBhcGVycwAAEAAIAADFH/xRAAAAEQAIAADJ1NreAAAAAQAQAiRL/wDL+xEACkvhAAB8EQACAEdNYWNpbnRvc2ggSEQ6VXNlcnM6andib3dlcnM6RHJvcGJveDpEZXN0aW55UGFwZXJzOmR1bm5pbmcyMDA4bW9kZWwwLnBkZgAADgAsABUAZAB1AG4AbgBpAG4AZwAyADAAMAA4AG0AbwBkAGUAbAAwAC4AcABkAGYADwAaAAwATQBhAGMAaQBuAHQAbwBzAGgAIABIAEQAEgA6VXNlcnMvandib3dlcnMvRHJvcGJveC9EZXN0aW55UGFwZXJzL2R1bm5pbmcyMDA4bW9kZWwwLnBkZgATAAEvAAAVAAIAD///AACABdIcHR4fWCRjbGFzc2VzWiRjbGFzc25hbWWjHyAhXU5TTXV0YWJsZURhdGFWTlNEYXRhWE5TT2JqZWN0XxAxLi4vLi4vRHJvcGJveC9EZXN0aW55UGFwZXJzL2R1bm5pbmcyMDA4bW9kZWwwLnBkZtIcHSQloiUhXE5TRGljdGlvbmFyeRIAAYagXxAPTlNLZXllZEFyY2hpdmVyAAgAEQAWAB8AKAAyADUAOgA8AEUASwBSAF0AZQBsAG8AcQBzAHYAeAB6AHwAhgCTAJgAoAJgAmICZwJwAnsCfwKNApQCnQLRAtYC2QLmAusAAAAAAAACAQAAAAAAAAAoAAAAAAAAAAAAAAAAAAAC/Q==}
		  
}

@Book{		  kennedy2003guide,
  author	= {Kennedy, P.},
  date-added	= {2011-01-11 11:35:28 -0600},
  date-modified	= {2011-01-11 11:35:28 -0600},
  isbn		= {026261183X},
  publisher	= {The MIT Press},
  title		= {A guide to econometrics},
  year		= {2003}
}

@Book{		  angrist2009mostly,
  author	= {Angrist, J.D. and Pischke, J.S.},
  date-added	= {2011-01-11 11:34:38 -0600},
  date-modified	= {2011-01-11 11:34:38 -0600},
  isbn		= {0691120358},
  publisher	= {Princeton Univ Pr},
  title		= {Mostly harmless econometrics: an empiricist's companion},
  year		= {2009}
}

@Book{		  fox2011r,
  author	= {Fox, John and Sanford Weisberg},
  date-added	= {2010-12-23 09:30:32 -0600},
  date-modified	= {2010-12-23 09:31:08 -0600},
  publisher	= {Sage},
  title		= {{An R Companion to Applied Regression}},
  year		= {2011}
}

@Unpublished{	  imbens2009causal,
  author	= {Imbens, G. and Rubin, D.},
  date-added	= {2010-01-25 10:28:27 -0600},
  date-modified	= {2010-01-25 10:29:50 -0600},
  note		= {Unpublished book manuscript. Forthcoming at Cambridge
		  University Press.},
  publisher	= {Cambridge University Press},
  title		= {Causal Inference in Statistics},
  year		= {2009}
}

@Article{	  faes2009effective,
  author	= {Faes, C. and Molenberghs, G. and Aerts, M. and Verbeke, G.
		  and Kenward, M.G.},
  date-added	= {2010-01-15 22:37:24 -0600},
  date-modified	= {2010-01-15 22:37:24 -0600},
  journal	= {The American Statistician},
  number	= {4},
  pages		= {389--399},
  publisher	= {ASA},
  title		= {The Effective Sample Size and an Alternative Small-Sample
		  Degrees-of-Freedom Method},
  volume	= {63},
  year		= {2009},
  bdsk-file-1	= {YnBsaXN0MDDUAQIDBAUIJidUJHRvcFgkb2JqZWN0c1gkdmVyc2lvblkkYXJjaGl2ZXLRBgdUcm9vdIABqAkKFRYXGyIjVSRudWxs0wsMDQ4RFFpOUy5vYmplY3RzV05TLmtleXNWJGNsYXNzog8QgASABqISE4ACgAOAB1lhbGlhc0RhdGFccmVsYXRpdmVQYXRo0hgNGRpXTlMuZGF0YU8RAaoAAAAAAaoAAgAADEZpc2hlck1haW5IRAAAAAAAAAAAAAAAAAAAAMPy711IKwAAAC3J4xZmYWVzMjAwOWVmZmVjdGl2ZTAucGRmAAAAAAAAAAAAAAAAAAAAAAAAAAAAAAAAAAAAAAAAAAAAAAAAAAAAAAACm6fdx/HfkQAAAAAAAAAAAAIAAwAACSAAAAAAAAAAAAAAAAAAAAAGUEFQRVJTABAACAAAw/NDvQAAABEACAAAx/Il4QAAAAEAEAAtyeMAr3FvAArW1QAAem4AAgBBRmlzaGVyTWFpbkhEOlVzZXJzOmp3Ym93ZXJzOkRyb3Bib3g6UEFQRVJTOmZhZXMyMDA5ZWZmZWN0aXZlMC5wZGYAAA4ALgAWAGYAYQBlAHMAMgAwADAAOQBlAGYAZgBlAGMAdABpAHYAZQAwAC4AcABkAGYADwAaAAwARgBpAHMAaABlAHIATQBhAGkAbgBIAEQAEgA0VXNlcnMvandib3dlcnMvRHJvcGJveC9QQVBFUlMvZmFlczIwMDllZmZlY3RpdmUwLnBkZgATAAEvAAAVAAIAD///AACABdIcHR4fWCRjbGFzc2VzWiRjbGFzc25hbWWjHyAhXU5TTXV0YWJsZURhdGFWTlNEYXRhWE5TT2JqZWN0XxArLi4vLi4vRHJvcGJveC9QQVBFUlMvZmFlczIwMDllZmZlY3RpdmUwLnBkZtIcHSQloiUhXE5TRGljdGlvbmFyeRIAAYagXxAPTlNLZXllZEFyY2hpdmVyAAgAEQAWAB8AKAAyADUAOgA8AEUASwBSAF0AZQBsAG8AcQBzAHYAeAB6AHwAhgCTAJgAoAJOAlACVQJeAmkCbQJ7AoICiwK5Ar4CwQLOAtMAAAAAAAACAQAAAAAAAAAoAAAAAAAAAAAAAAAAAAAC5Q==}
		  ,
  bdsk-file-2	= {YnBsaXN0MDDUAQIDBAUIJidUJHRvcFgkb2JqZWN0c1gkdmVyc2lvblkkYXJjaGl2ZXLRBgdUcm9vdIABqAkKFRYXGyIjVSRudWxs0wsMDQ4RFFpOUy5vYmplY3RzV05TLmtleXNWJGNsYXNzog8QgASABqISE4ACgAOAB1lhbGlhc0RhdGFccmVsYXRpdmVQYXRo0hgNGRpXTlMuZGF0YU8RAaoAAAAAAaoAAgAADEZpc2hlck1haW5IRAAAAAAAAAAAAAAAAAAAAMPy711IKwAAAC3J4xZmYWVzMjAwOWVmZmVjdGl2ZTEucGRmAAAAAAAAAAAAAAAAAAAAAAAAAAAAAAAAAAAAAAAAAAAAAAAAAAAAAAACm6flx/HfkQAAAAAAAAAAAAIAAwAACSAAAAAAAAAAAAAAAAAAAAAGUEFQRVJTABAACAAAw/NDvQAAABEACAAAx/Il4QAAAAEAEAAtyeMAr3FvAArW1QAAem4AAgBBRmlzaGVyTWFpbkhEOlVzZXJzOmp3Ym93ZXJzOkRyb3Bib3g6UEFQRVJTOmZhZXMyMDA5ZWZmZWN0aXZlMS5wZGYAAA4ALgAWAGYAYQBlAHMAMgAwADAAOQBlAGYAZgBlAGMAdABpAHYAZQAxAC4AcABkAGYADwAaAAwARgBpAHMAaABlAHIATQBhAGkAbgBIAEQAEgA0VXNlcnMvandib3dlcnMvRHJvcGJveC9QQVBFUlMvZmFlczIwMDllZmZlY3RpdmUxLnBkZgATAAEvAAAVAAIAD///AACABdIcHR4fWCRjbGFzc2VzWiRjbGFzc25hbWWjHyAhXU5TTXV0YWJsZURhdGFWTlNEYXRhWE5TT2JqZWN0XxArLi4vLi4vRHJvcGJveC9QQVBFUlMvZmFlczIwMDllZmZlY3RpdmUxLnBkZtIcHSQloiUhXE5TRGljdGlvbmFyeRIAAYagXxAPTlNLZXllZEFyY2hpdmVyAAgAEQAWAB8AKAAyADUAOgA8AEUASwBSAF0AZQBsAG8AcQBzAHYAeAB6AHwAhgCTAJgAoAJOAlACVQJeAmkCbQJ7AoICiwK5Ar4CwQLOAtMAAAAAAAACAQAAAAAAAAAoAAAAAAAAAAAAAAAAAAAC5Q==}
		  
}

@Article{	  allison1990change,
  author	= {Allison, P.D.},
  date-added	= {2010-01-15 10:37:45 -0600},
  date-modified	= {2010-01-15 10:37:45 -0600},
  journal	= {Sociological methodology},
  pages		= {93--114},
  publisher	= {American Sociological Association},
  title		= {Change scores as dependent variables in regression
		  analysis},
  volume	= {20},
  year		= {1990},
  bdsk-file-1	= {YnBsaXN0MDDUAQIDBAUIJidUJHRvcFgkb2JqZWN0c1gkdmVyc2lvblkkYXJjaGl2ZXLRBgdUcm9vdIABqAkKFRYXGyIjVSRudWxs0wsMDQ4RFFpOUy5vYmplY3RzV05TLmtleXNWJGNsYXNzog8QgASABqISE4ACgAOAB1lhbGlhc0RhdGFccmVsYXRpdmVQYXRo0hgNGRpXTlMuZGF0YU8RAaoAAAAAAaoAAgAADEZpc2hlck1haW5IRAAAAAAAAAAAAAAAAAAAAMPy711IKwAAAC3J4xZhbGxpc29uMTk5MGNoYW5nZTAucGRmAAAAAAAAAAAAAAAAAAAAAAAAAAAAAAAAAAAAAAAAAAAAAAAAAAAAAAACfXS4x38sXwAAAAAAAAAAAAIAAwAACSAAAAAAAAAAAAAAAAAAAAAGUEFQRVJTABAACAAAw/NDvQAAABEACAAAx3+AvwAAAAEAEAAtyeMAr3FvAArW1QAAem4AAgBBRmlzaGVyTWFpbkhEOlVzZXJzOmp3Ym93ZXJzOkRyb3Bib3g6UEFQRVJTOmFsbGlzb24xOTkwY2hhbmdlMC5wZGYAAA4ALgAWAGEAbABsAGkAcwBvAG4AMQA5ADkAMABjAGgAYQBuAGcAZQAwAC4AcABkAGYADwAaAAwARgBpAHMAaABlAHIATQBhAGkAbgBIAEQAEgA0VXNlcnMvandib3dlcnMvRHJvcGJveC9QQVBFUlMvYWxsaXNvbjE5OTBjaGFuZ2UwLnBkZgATAAEvAAAVAAIAD///AACABdIcHR4fWCRjbGFzc2VzWiRjbGFzc25hbWWjHyAhXU5TTXV0YWJsZURhdGFWTlNEYXRhWE5TT2JqZWN0XxArLi4vLi4vRHJvcGJveC9QQVBFUlMvYWxsaXNvbjE5OTBjaGFuZ2UwLnBkZtIcHSQloiUhXE5TRGljdGlvbmFyeRIAAYagXxAPTlNLZXllZEFyY2hpdmVyAAgAEQAWAB8AKAAyADUAOgA8AEUASwBSAF0AZQBsAG8AcQBzAHYAeAB6AHwAhgCTAJgAoAJOAlACVQJeAmkCbQJ7AoICiwK5Ar4CwQLOAtMAAAAAAAACAQAAAAAAAAAoAAAAAAAAAAAAAAAAAAAC5Q==}
		  
}

@Article{	  cobb2007introductory,
  author	= {Cobb, G.W.},
  date-added	= {2010-01-10 10:54:53 -0600},
  date-modified	= {2010-08-17 10:43:58 -0500},
  journal	= {Technology Innovations in Statistics Education},
  number	= {1},
  title		= {The Introductory Statistics Course: A Ptolemaic
		  Curriculum?},
  url		= {http://repositories.cdlib.org/uclastat/cts/tise/vol1/iss1/art1}
		  ,
  volume	= {1},
  year		= {2007},
  bdsk-file-1	= {YnBsaXN0MDDUAQIDBAUIJidUJHRvcFgkb2JqZWN0c1gkdmVyc2lvblkkYXJjaGl2ZXLRBgdUcm9vdIABqAkKFRYXGyIjVSRudWxs0wsMDQ4RFFpOUy5vYmplY3RzV05TLmtleXNWJGNsYXNzog8QgASABqISE4ACgAOAB1lhbGlhc0RhdGFccmVsYXRpdmVQYXRo0hgNGRpXTlMuZGF0YU8RAbYAAAAAAbYAAgAADEZpc2hlck1haW5IRAAAAAAAAAAAAAAAAAAAAMPy711IKwAAAC3J4xljb2JiMjAwN2ludHJvZHVjdG9yeTAucGRmAAAAAAAAAAAAAAAAAAAAAAAAAAAAAAAAAAAAAAAAAAAAAAAAAAACilIQx6xABwAAAAAAAAAAAAIAAwAACSAAAAAAAAAAAAAAAAAAAAAGUEFQRVJTABAACAAAw/NDvQAAABEACAAAx6yUZwAAAAEAEAAtyeMAr3FvAArW1QAAem4AAgBERmlzaGVyTWFpbkhEOlVzZXJzOmp3Ym93ZXJzOkRyb3Bib3g6UEFQRVJTOmNvYmIyMDA3aW50cm9kdWN0b3J5MC5wZGYADgA0ABkAYwBvAGIAYgAyADAAMAA3AGkAbgB0AHIAbwBkAHUAYwB0AG8AcgB5ADAALgBwAGQAZgAPABoADABGAGkAcwBoAGUAcgBNAGEAaQBuAEgARAASADdVc2Vycy9qd2Jvd2Vycy9Ecm9wYm94L1BBUEVSUy9jb2JiMjAwN2ludHJvZHVjdG9yeTAucGRmAAATAAEvAAAVAAIAD///AACABdIcHR4fWCRjbGFzc2VzWiRjbGFzc25hbWWjHyAhXU5TTXV0YWJsZURhdGFWTlNEYXRhWE5TT2JqZWN0XxAuLi4vLi4vRHJvcGJveC9QQVBFUlMvY29iYjIwMDdpbnRyb2R1Y3RvcnkwLnBkZtIcHSQloiUhXE5TRGljdGlvbmFyeRIAAYagXxAPTlNLZXllZEFyY2hpdmVyAAgAEQAWAB8AKAAyADUAOgA8AEUASwBSAF0AZQBsAG8AcQBzAHYAeAB6AHwAhgCTAJgAoAJaAlwCYQJqAnUCeQKHAo4ClwLIAs0C0ALdAuIAAAAAAAACAQAAAAAAAAAoAAAAAAAAAAAAAAAAAAAC9A==}
		  
}

@Book{		  gill2006essential,
  author	= {Gill, J.},
  date-added	= {2010-01-10 10:51:19 -0600},
  date-modified	= {2010-01-10 10:51:19 -0600},
  publisher	= {Cambridge Univ Pr},
  title		= {Essential mathematics for political and social research},
  year		= {2006}
}

@Book{		  fox2008mathematical,
  author	= {Fox, J.},
  date-added	= {2010-01-10 10:30:07 -0600},
  date-modified	= {2010-01-10 10:30:07 -0600},
  publisher	= {SAGE Publications Inc},
  title		= {A mathematical primer for social statistics},
  year		= {2008}
}

@Book{		  berk2008statistical,
  author	= {Berk, R.A.},
  date-added	= {2010-01-04 11:26:59 -0600},
  date-modified	= {2010-01-04 11:26:59 -0600},
  publisher	= {Springer},
  title		= {Statistical learning from a regression perspective},
  year		= {2008}
}

@Book{		  lancaster2004introduction,
  author	= {Lancaster, T.},
  date-added	= {2009-12-18 15:41:36 -0600},
  date-modified	= {2009-12-18 15:41:36 -0600},
  publisher	= {Blackwell Pub},
  title		= {An introduction to modern Bayesian econometrics},
  year		= {2004}
}

@Book{		  trosset2009isi,
  author	= {Michael W. Trosset},
  date-added	= {2009-12-18 14:44:13 -0600},
  date-modified	= {2009-12-18 14:44:53 -0600},
  publisher	= {CRC Press},
  title		= {An Introduction to Statistical Inference and Its
		  Applications with R},
  year		= {2009}
}

@Book{		  kaplan2009ism,
  author	= {Daniel Kaplan},
  date-added	= {2009-12-18 14:28:26 -0600},
  date-modified	= {2011-01-14 11:44:47 -0600},
  isbn		= {978-1448642397},
  publisher	= {\url{http://www.macalester.edu/~kaplan/ism/}},
  title		= {Statistical Modeling: A Fresh Approach},
  url		= {http://www.macalester.edu/~kaplan/ism/},
  year		= {2009},
  bdsk-file-1	= {YnBsaXN0MDDUAQIDBAUIJidUJHRvcFgkb2JqZWN0c1gkdmVyc2lvblkkYXJjaGl2ZXLRBgdUcm9vdIABqAkKFRYXGyIjVSRudWxs0wsMDQ4RFFpOUy5vYmplY3RzV05TLmtleXNWJGNsYXNzog8QgASABqISE4ACgAOAB1lhbGlhc0RhdGFccmVsYXRpdmVQYXRo0hgNGRpXTlMuZGF0YU8RAcYAAAAAAcYAAgAADEZpc2hlck1haW5IRAAAAAAAAAAAAAAAAAAAAMPy711IKwAAAC3J4x1LYXBsYW4yMDA5e2thcGxhbjIwMDlpc219LnBkZgAAAAAAAAAAAAAAAAAAAAAAAAAAAAAAAAAAAAAAAAAAAAACgTNwx3IhWFBERiAAAAAAAAIAAwAACSAAAAAAAAAAAAAAAAAAAAAGUEFQRVJTABAACAAAw/NDvQAAABEACAAAx3J1uAAAAAEAEAAtyeMAr3FvAArW1QAAem4AAgBIRmlzaGVyTWFpbkhEOlVzZXJzOmp3Ym93ZXJzOkRyb3Bib3g6UEFQRVJTOkthcGxhbjIwMDl7a2FwbGFuMjAwOWlzbX0ucGRmAA4APAAdAEsAYQBwAGwAYQBuADIAMAAwADkAewBrAGEAcABsAGEAbgAyADAAMAA5AGkAcwBtAH0ALgBwAGQAZgAPABoADABGAGkAcwBoAGUAcgBNAGEAaQBuAEgARAASADtVc2Vycy9qd2Jvd2Vycy9Ecm9wYm94L1BBUEVSUy9LYXBsYW4yMDA5e2thcGxhbjIwMDlpc219LnBkZgAAEwABLwAAFQACAA///wAAgAXSHB0eH1gkY2xhc3Nlc1okY2xhc3NuYW1lox8gIV1OU011dGFibGVEYXRhVk5TRGF0YVhOU09iamVjdF8QMi4uLy4uL0Ryb3Bib3gvUEFQRVJTL0thcGxhbjIwMDl7a2FwbGFuMjAwOWlzbX0ucGRm0hwdJCWiJSFcTlNEaWN0aW9uYXJ5EgABhqBfEA9OU0tleWVkQXJjaGl2ZXIACAARABYAHwAoADIANQA6ADwARQBLAFIAXQBlAGwAbwBxAHMAdgB4AHoAfACGAJMAmACgAmoCbAJxAnoChQKJApcCngKnAtwC4QLkAvEC9gAAAAAAAAIBAAAAAAAAACgAAAAAAAAAAAAAAAAAAAMI}
		  
}

@Book{		  fox2008applied,
  author	= {Fox, John},
  date-added	= {2009-12-18 14:26:29 -0600},
  date-modified	= {2010-01-15 21:28:59 -0600},
  publisher	= {Sage},
  title		= {Applied regression analysis and generalized linear
		  models},
  year		= {2008}
}

@Book{		  rice2007msd,
  address	= {Belmont, CA},
  author	= {Rice, J.A.},
  date-added	= {2009-11-18 10:26:24 -0600},
  date-modified	= {2009-11-18 10:26:24 -0600},
  edition	= {3rd},
  keywords	= {statistics},
  publisher	= {Duxbury Press},
  title		= {Mathematical Statistics and Data Analysis},
  year		= {2007}
}

@Book{		  fpp07,
  address	= {New York},
  author	= {Freedman, David and Pisani, Robert and Purves, Roger},
  date-added	= {2009-10-27 14:01:22 -0500},
  date-modified	= {2009-10-27 14:01:53 -0500},
  edition	= {4th},
  keywords	= {statistics},
  publisher	= {W.W. Norton},
  title		= {Statistics},
  year		= {2007}
}

@Book{		  rosenbaum2010design,
  author	= {Paul R. Rosenbaum},
  date-added	= {2009-10-06 20:45:24 -0500},
  date-modified	= {2010-09-23 10:03:50 -0500},
  month		= {May},
  publisher	= {Springer},
  title		= {Design of Observational Studies},
  year		= {2010}
}

@Book{		  verzani2005uri,
  author	= {Verzani, J.},
  date-added	= {2009-01-16 10:59:25 -0600},
  date-modified	= {2009-01-16 10:59:25 -0600},
  publisher	= {Chapman \& Hall/CRC},
  title		= {{Using R for Introductory Statistics}},
  year		= {2005}
}

@Article{	  angrist:etal:1996,
  author	= {Angrist, Joshua D. and Imbens, Guido W. and Rubin, Donald
		  B.},
  date-added	= {2007-09-03 22:45:16 -0500},
  date-modified	= {2007-09-03 22:45:16 -0500},
  journal	= {Journal of the American Statistical Association},
  keywords	= {Applications and Case Studies; Structural equation model;
		  Compliers; Intention-to-treat analysis; Local average
		  treatment effect; Noncompliance; Nonignorable treatment
		  assignment; Rubin-Causal-Model},
  local-url	= {/Users/bbh/Private/projects/gerbergreen/AngristImbensRubin1996.pdf}
		  ,
  pages		= {444--455},
  title		= {Identification of causal effects using instrumental
		  variables ({D}isc: p456-472)},
  volume	= {91},
  year		= {1996},
  bdsk-file-1	= {YnBsaXN0MDDUAQIDBAUIJidUJHRvcFgkb2JqZWN0c1gkdmVyc2lvblkkYXJjaGl2ZXLRBgdUcm9vdIABqAkKFRYXGyIjVSRudWxs0wsMDQ4RFFpOUy5vYmplY3RzV05TLmtleXNWJGNsYXNzog8QgASABqISE4ACgAOAB1lhbGlhc0RhdGFccmVsYXRpdmVQYXRo0hgNGRpXTlMuZGF0YU8RAbYAAAAAAbYAAgAADEZpc2hlck1haW5IRAAAAAAAAAAAAAAAAAAAAMPy711IKwAAAC3J4xlhbmdyaW1iZXJ1YmlpZGVuMTk5NjAucGRmAAAAAAAAAAAAAAAAAAAAAAAAAAAAAAAAAAAAAAAAAAAAAAAAAAAFseXMyJfxgQAAAAAAAAAAAAIAAwAACSAAAAAAAAAAAAAAAAAAAAAGUEFQRVJTABAACAAAw/NDvQAAABEACAAAyJg30QAAAAEAEAAtyeMAr3FvAArW1QAAem4AAgBERmlzaGVyTWFpbkhEOlVzZXJzOmp3Ym93ZXJzOkRyb3Bib3g6UEFQRVJTOmFuZ3JpbWJlcnViaWlkZW4xOTk2MC5wZGYADgA0ABkAYQBuAGcAcgBpAG0AYgBlAHIAdQBiAGkAaQBkAGUAbgAxADkAOQA2ADAALgBwAGQAZgAPABoADABGAGkAcwBoAGUAcgBNAGEAaQBuAEgARAASADdVc2Vycy9qd2Jvd2Vycy9Ecm9wYm94L1BBUEVSUy9hbmdyaW1iZXJ1YmlpZGVuMTk5NjAucGRmAAATAAEvAAAVAAIAD///AACABdIcHR4fWCRjbGFzc2VzWiRjbGFzc25hbWWjHyAhXU5TTXV0YWJsZURhdGFWTlNEYXRhWE5TT2JqZWN0XxAuLi4vLi4vRHJvcGJveC9QQVBFUlMvYW5ncmltYmVydWJpaWRlbjE5OTYwLnBkZtIcHSQloiUhXE5TRGljdGlvbmFyeRIAAYagXxAPTlNLZXllZEFyY2hpdmVyAAgAEQAWAB8AKAAyADUAOgA8AEUASwBSAF0AZQBsAG8AcQBzAHYAeAB6AHwAhgCTAJgAoAJaAlwCYQJqAnUCeQKHAo4ClwLIAs0C0ALdAuIAAAAAAAACAQAAAAAAAAAoAAAAAAAAAAAAAAAAAAAC9A==}
		  
}

@Book{		  beck:1986,
  author	= {Becker, Howard S.},
  date-added	= {2007-09-03 22:45:16 -0500},
  date-modified	= {2007-09-03 22:45:16 -0500},
  publisher	= {University of Chicago Press.},
  title		= {Writing for Social Scientists: How to Start and Finish
		  Your Thesis, Book, or Article},
  year		= {1986}
}

@Article{	  bramclargold:2006,
  author	= {Brambor, Thomas and Clark, William Roberts and Golder,
		  Matt},
  date-added	= {2007-09-03 22:45:16 -0500},
  date-modified	= {2007-09-03 22:45:16 -0500},
  journal	= {Political Analysis},
  pages		= {63-82},
  title		= {Understanding Interaction Models: Improving Empirical
		  Analyses},
  url		= {http://homepages.nyu.edu/~mrg217/pa_final.pdf},
  volume	= {14},
  year		= {2006},
  bdsk-url-1	= {http://homepages.nyu.edu/~mrg217/pa_final.pdf}
}

@Book{		  cox:2006,
  address	= {Cambridge},
  annote	= {LDR 01271cam 22003137a 4500 001 14588360 005
		  20070110130004.0 008 061010s2006 enka bs 001 0 eng d 906
		  $a7$bcbc$ccopycat$d2$encip$f20$gy-gencatlg 925 0
		  $aacquire$b2 shelf copies$xpolicy default 955 $aps12
		  2006-10-10 z-processor to ASCD$ijx28 2006-10-23$ejx28
		  2006-10-23 to Dewey$ayh16 2006-11-24 copy 2 added 010 $a
		  2006297166 040 $aQCL$cQCL$dBAKER$dUAT$dYDX$dIXA$dDLC 020
		  $a9780521685672 (pbk.) 020 $a0521685672 (pbk.) 020
		  $a9780521866736 (hbk.) 020 $a0521866731 (hbk.) 035
		  $a(OCoLC)ocm70875021 042 $alccopycat 050 00 $aQA276$b.C669
		  2006 100 1 $aCox, D. R.$q(David Roxbee) 245 10 $aPrinciples
		  of statistical inference /$cD.R. Cox. 260 $aCambridge
		  ;$aNew York :$bCambridge University Press,$c2006. 300 $axv,
		  219 p. :$bill. ;$c23 cm. 504 $aIncludes bibliographical
		  references (p. 201-208) and indexes. 650 0 $aMathematical
		  statistics. 650 0 $aProbabilities. 856 42 $3Publisher
		  description$uhttp://www.loc.gov/catdir/enhancements/fy0702/2006297166-d.html
		  856 41 $3Table of contents
		  only$uhttp://www.loc.gov/catdir/enhancements/fy0702/2006297166-t.html
		  },
  author	= {Cox, D. R.},
  date-modified	= {2009-05-17 23:11:53 -0500},
  publisher	= {{Cambridge University Press}},
  title		= {Principles of statistical inference},
  year		= {2006},
  bdsk-url-1	= {http://www.loc.gov/catdir/enhancements/fy0702/2006297166-d.html}
		  
}

@Article{	  free:2006:on-t,
  author	= {Freedman, David A.},
  date-added	= {2007-09-03 22:45:16 -0500},
  date-modified	= {2007-09-15 22:18:36 -0500},
  journal	= {The American Statistician},
  number	= {4},
  pages		= {299-302},
  title		= {On the {S}o-called ``{H}uber {S}andwich {E}stimator'' and
		  ``{R}obust {S}tandard {E}rrors''},
  volume	= {60},
  year		= {2006}
}

@Article{	  imbros:2005:robu,
  abstract	= {An instrument or instrumental variable manipulates a
		  treatment and affects the outcome only indirectly through
		  its manipulation of the treatment. For instance,
		  encouragement to exercise might increase cardiovascular
		  fitness, but only indirectly to the extent that it
		  increases exercise. If instrument levels are randomly
		  assigned to individuals, then the instrument may permit
		  consistent estimation of the effects caused by the
		  treatment, even though the treatment assignment itself is
		  far from random. For instance, one can conduct a randomized
		  experiment assigning some subjects to 'encouragement to
		  exercise' and others to 'no encouragement' but, for reasons
		  of habit or taste, some subjects will not exercise when
		  encouraged and others will exercise without encouragement;
		  none-the-less, such an instrument aids in estimating the
		  effect of exercise. Instruments that are weak, i.e.
		  instruments that have only a slight effect on the
		  treatment, present inferential problems. We evaluate a
		  recent proposal for permutation inference with an
		  instrumental variable in four ways: using Angrist and
		  Krueger's data on the effects of education on earnings
		  using quarter of birth as an instrument, following Bound,
		  Jaeger and Baker in using simulated independent
		  observations in place of the instrument in Angrist and
		  Krueger's data, using entirely simulated data in which
		  correct answers are known and finally using statistical
		  theory to show that only permutation inferences maintain
		  correct coverage rates. The permutation inferences perform
		  well in both easy and hard cases, with weak instruments, as
		  well as with long-tailed responses.},
  author	= {Imbens, GW and Rosenbaum, PR},
  date-added	= {2007-09-06 16:42:46 -0500},
  date-modified	= {2007-09-06 16:42:55 -0500},
  journal	= {Journal of the Royal Statistical Society Series
		  A-Statistics In Society},
  keywords	= {Hodges-Lehmann estimate; instrumental variable;
		  observational study; permutation test; randomization test},
  pages		= {109-126},
  title		= {Robust, accurate confidence intervals with a weak
		  instrument: quarter of birth and education},
  volume	= {168},
  year		= {2005}
}

@Article{	  longervi:2000,
  abstract	= {Abstract In the presence of heteroscedasticity, ordinary
		  least squares (OLS) estimates are unbiased, but the usual
		  tests of significance are generally inappropriate and their
		  use can lead to incorrect inferences. Tests based on a
		  heteroscedasticity consistent covariance matrix (HCCM),
		  however, are consistent even in the presence of
		  heteroscedasticity of an unknown form. Most applications
		  that use a HCCM appear to rely on the asymptotic version
		  known as HC0. Our Monte Carlo simulations show that HC0
		  often results in incorrect inferences when N $\leq$ 250,
		  while three relatively unknown, small sample versions of
		  the HCCM, and especially a version known as HC3, work well
		  even for N's as small as 25. We recommend that: (1) data
		  analysts should correct for heteroscedasticity using a HCCM
		  whenever there is reason to suspect heteroscedasticity; (2)
		  the decision to use HCCM-based tests should not be
		  determined by a screening test for heteroscedasticity; and
		  (3) when N $\leq$ 250, the HCCM known as HC3 should be
		  used. Since HC3 is simple to compute, we encourage authors
		  of statistical software to add this estimator to their
		  programs. },
  author	= {Long, J. Scott and Ervin, Laurie H.},
  date-added	= {2007-09-03 22:45:16 -0500},
  date-modified	= {2007-09-03 22:45:16 -0500},
  journal	= {The American Statistician},
  local-url	= {file://localhost/Users/jwbowers/Documents/Papers/LongErvi2000.pdf}
		  ,
  month		= {Aug},
  number	= {3},
  pages		= {217-224},
  title		= {Using Heteroscedasticity Consistent Standard Errors in the
		  Linear Regression Model},
  url		= {http://links.jstor.org/sici?sici=0003-1305\%28200008\%2954\%3A3\%3C217\%3AUHCSEI\%3E2.0.CO\%3B2-0}
		  ,
  volume	= {54},
  year		= {2000},
  bdsk-file-1	= {YnBsaXN0MDDUAQIDBAUIJidUJHRvcFgkb2JqZWN0c1gkdmVyc2lvblkkYXJjaGl2ZXLRBgdUcm9vdIABqAkKFRYXGyIjVSRudWxs0wsMDQ4RFFpOUy5vYmplY3RzV05TLmtleXNWJGNsYXNzog8QgASABqISE4ACgAOAB1lhbGlhc0RhdGFccmVsYXRpdmVQYXRo0hgNGRpXTlMuZGF0YU8RAZIAAAAAAZIAAgAADEZpc2hlck1haW5IRAAAAAAAAAAAAAAAAAAAAMPy711IKwAAAC3J4xBMb25nRXJ2aTIwMDAucGRmAAAAAAAAAAAAAAAAAAAAAAAAAAAAAAAAAAAAAAAAAAAAAAAAAAAAAAAAAAAAAAAALeDuxBfaEQAAAAAAAAAAAAIAAwAACSAAAAAAAAAAAAAAAAAAAAAGUEFQRVJTABAACAAAw/NDvQAAABEACAAAxBggYQAAAAEAEAAtyeMAr3FvAArW1QAAem4AAgA7RmlzaGVyTWFpbkhEOlVzZXJzOmp3Ym93ZXJzOkRyb3Bib3g6UEFQRVJTOkxvbmdFcnZpMjAwMC5wZGYAAA4AIgAQAEwAbwBuAGcARQByAHYAaQAyADAAMAAwAC4AcABkAGYADwAaAAwARgBpAHMAaABlAHIATQBhAGkAbgBIAEQAEgAuVXNlcnMvandib3dlcnMvRHJvcGJveC9QQVBFUlMvTG9uZ0VydmkyMDAwLnBkZgATAAEvAAAVAAIAD///AACABdIcHR4fWCRjbGFzc2VzWiRjbGFzc25hbWWjHyAhXU5TTXV0YWJsZURhdGFWTlNEYXRhWE5TT2JqZWN0XxAlLi4vLi4vRHJvcGJveC9QQVBFUlMvTG9uZ0VydmkyMDAwLnBkZtIcHSQloiUhXE5TRGljdGlvbmFyeRIAAYagXxAPTlNLZXllZEFyY2hpdmVyAAgAEQAWAB8AKAAyADUAOgA8AEUASwBSAF0AZQBsAG8AcQBzAHYAeAB6AHwAhgCTAJgAoAI2AjgCPQJGAlECVQJjAmoCcwKbAqACowKwArUAAAAAAAACAQAAAAAAAAAoAAAAAAAAAAAAAAAAAAACxw==}
		  ,
  bdsk-url-1	= {http://links.jstor.org/sici?sici=0003-1305%5C(200008%5C)54%5C:3%5C%3C217%5C:UHCSEI%5C%3E2.0.CO%5C;2-0}
		  
}

@Article{	  ache:02,
  author	= {Achen, Christopher H.},
  citeulike-article-id={106787},
  date-added	= {2007-09-03 22:45:16 -0500},
  date-modified	= {2007-09-03 22:45:16 -0500},
  howpublished	= {\url{http://arjournals.annualreviews.org.proxy.lib.umich.edu/doi/abs/10.1146/annurev.polisci.5.112801.080943?prevSearch=allfield:(achen)}}
		  ,
  issue		= {1},
  journal	= {Annual Review of Political Science},
  keywords	= {statistics political_methodology},
  pages		= {423--450},
  title		= {{T}oward {A} {N}ew {P}olitical {M}ethodology:
		  {M}icrofoundations and {A}RT},
  volume	= {5},
  year		= {2002}
}

@Book{		  achen82,
  address	= {Newbury Park, CA},
  author	= {Achen, Christopher H.},
  citeulike-article-id={106797},
  date-added	= {2007-09-03 22:45:16 -0500},
  date-modified	= {2007-09-03 22:45:16 -0500},
  keywords	= {statistics statistics_teaching},
  publisher	= {Sage},
  title		= {Interpreting and Using Regression},
  year		= {1982}
}

@Book{		  berk04,
  author	= {Berk, Richard},
  citeulike-article-id={106822},
  date-added	= {2007-09-03 22:45:16 -0500},
  date-modified	= {2007-09-03 22:45:16 -0500},
  keywords	= {statistics},
  publisher	= {Sage},
  title		= {Regression Analysis: A Constructive Critique},
  year		= {2004}
}

@Article{	  bertrand2004msw,
  author	= {Bertrand, M. and Duflo, E. and Mullainathan, S.},
  date-added	= {2007-09-03 22:45:16 -0500},
  date-modified	= {2007-09-03 22:45:16 -0500},
  journal	= {The Quarterly Journal of Economics},
  local-url	= {file://localhost/Users/jwbowers/Documents/Papers/BertDuflMull2004.pdf}
		  ,
  number	= {1},
  pages		= {249--275},
  publisher	= {MIT Press},
  title		= {{How Much Should We Trust Differences-in-Differences
		  Estimates?}},
  volume	= {119},
  year		= {2004},
  bdsk-file-1	= {YnBsaXN0MDDUAQIDBAUIJidUJHRvcFgkb2JqZWN0c1gkdmVyc2lvblkkYXJjaGl2ZXLRBgdUcm9vdIABqAkKFRYXGyIjVSRudWxs0wsMDQ4RFFpOUy5vYmplY3RzV05TLmtleXNWJGNsYXNzog8QgASABqISE4ACgAOAB1lhbGlhc0RhdGFccmVsYXRpdmVQYXRo0hgNGRpXTlMuZGF0YU8RAaIAAAAAAaIAAgAADEZpc2hlck1haW5IRAAAAAAAAAAAAAAAAAAAAMPy711IKwAAAC3J4xRCZXJ0RHVmbE11bGwyMDA0LnBkZgAAAAAAAAAAAAAAAAAAAAAAAAAAAAAAAAAAAAAAAAAAAAAAAAAAAAAAAAAALd4xxBfZ4AAAAAAAAAAAAAIAAwAACSAAAAAAAAAAAAAAAAAAAAAGUEFQRVJTABAACAAAw/NDvQAAABEACAAAxBggMAAAAAEAEAAtyeMAr3FvAArW1QAAem4AAgA/RmlzaGVyTWFpbkhEOlVzZXJzOmp3Ym93ZXJzOkRyb3Bib3g6UEFQRVJTOkJlcnREdWZsTXVsbDIwMDQucGRmAAAOACoAFABCAGUAcgB0AEQAdQBmAGwATQB1AGwAbAAyADAAMAA0AC4AcABkAGYADwAaAAwARgBpAHMAaABlAHIATQBhAGkAbgBIAEQAEgAyVXNlcnMvandib3dlcnMvRHJvcGJveC9QQVBFUlMvQmVydER1ZmxNdWxsMjAwNC5wZGYAEwABLwAAFQACAA///wAAgAXSHB0eH1gkY2xhc3Nlc1okY2xhc3NuYW1lox8gIV1OU011dGFibGVEYXRhVk5TRGF0YVhOU09iamVjdF8QKS4uLy4uL0Ryb3Bib3gvUEFQRVJTL0JlcnREdWZsTXVsbDIwMDQucGRm0hwdJCWiJSFcTlNEaWN0aW9uYXJ5EgABhqBfEA9OU0tleWVkQXJjaGl2ZXIACAARABYAHwAoADIANQA6ADwARQBLAFIAXQBlAGwAbwBxAHMAdgB4AHoAfACGAJMAmACgAkYCSAJNAlYCYQJlAnMCegKDAq8CtAK3AsQCyQAAAAAAAAIBAAAAAAAAACgAAAAAAAAAAAAAAAAAAALb}
		  
}

@Book{		  chiang,
  author	= {Chiang, Alpha C.},
  citeulike-article-id={106876},
  date-added	= {2007-09-03 22:45:16 -0500},
  date-modified	= {2007-09-03 22:45:16 -0500},
  keywords	= {bibtex-import},
  publisher	= {McGraw-Hill/Irwin; 3rd edition (February 1, 1984)},
  title		= {Fundamental Methods of Mathematical Economics},
  year		= {1984}
}

@Article{	  cribarineto2004aiu,
  author	= {Cribari-Neto, F.},
  date-added	= {2007-10-23 13:06:05 -0500},
  date-modified	= {2007-10-23 13:06:05 -0500},
  journal	= {Computational Statistics and Data Analysis},
  number	= {2},
  pages		= {215--233},
  publisher	= {Elsevier},
  title		= {{Asymptotic inference under heteroskedasticity of unknown
		  form}},
  volume	= {45},
  year		= {2004}
}

@Book{		  faraway2005lmr,
  author	= {Faraway, J.J.},
  date-added	= {2007-09-03 22:45:16 -0500},
  date-modified	= {2007-09-03 22:45:16 -0500},
  publisher	= {CRC Press},
  title		= {{Linear Models With R}},
  year		= {2005}
}

@Book{		  faraway2006elm,
  author	= {Faraway, J.J.},
  date-added	= {2007-09-03 22:45:16 -0500},
  date-modified	= {2007-09-03 22:45:16 -0500},
  publisher	= {CRC Press},
  title		= {{Extending the Linear Model with R: Generalized Linear,
		  Mixed Effects and Nonparametric Regression Models}},
  year		= {2006}
}

@Book{		  fisher:1935,
  address	= {Edinburgh},
  author	= {Fisher, R.A.},
  date-added	= {2007-09-03 22:45:16 -0500},
  date-modified	= {2007-09-03 22:45:16 -0500},
  journal	= {Oliver \& Boyd Edinburgh, Scotland},
  publisher	= {Oliver and Boyd},
  title		= {{The design of experiments. 1935}},
  year		= {1935}
}

@Book{		  gelman2007dau,
  author	= {Gelman, A. and Hill, J.},
  date-added	= {2007-09-03 22:45:16 -0500},
  date-modified	= {2007-09-15 22:18:00 -0500},
  publisher	= {Cambridge University Press},
  title		= {{Data Analysis Using Regression and
		  Multilevel/Hierarchical Models}},
  year		= {2007}
}

@Book{		  gonick1993cgs,
  author	= {Gonick, L. and Smith, W.},
  publisher	= {HarperPerennial New York, NY},
  title		= {{The cartoon guide to statistics}},
  year		= {1993}
}

@Article{	  green2007acr,
  author	= {Green, D.P. and Vavreck, L.},
  date-added	= {2007-10-17 13:41:16 -0500},
  date-modified	= {2007-10-17 13:41:16 -0500},
  journal	= {Political Analysis},
  publisher	= {SPM-PMSAPSA},
  title		= {{Analysis of Cluster-Randomized Experiments: A Comparison
		  of Alternative Estimation Approaches}},
  year		= {2007}
}

@Book{		  greene97,
  author	= {Greene, William H.},
  citeulike-article-id={106938},
  date-added	= {2007-09-03 22:45:16 -0500},
  date-modified	= {2007-09-03 22:45:16 -0500},
  edition	= {3rd},
  keywords	= {statistics},
  publisher	= {Prentice Hall},
  title		= {Econometric Analysis},
  year		= {1997}
}

@Book{		  handj77,
  address	= {San Diego, CA},
  author	= {Hanushek, E.A. and Jackson, J.E.},
  citeulike-article-id={106952},
  date-added	= {2007-09-03 22:45:16 -0500},
  date-modified	= {2007-09-03 22:45:16 -0500},
  keywords	= {statistics},
  publisher	= {Academic Press, Inc.},
  title		= {Statistical Methods for Social Scientists},
  year		= {1977}
}

@Article{	  hansen:2004a,
  author	= {Hansen, Ben B.},
  date-added	= {2007-09-03 22:45:16 -0500},
  date-modified	= {2007-09-03 22:45:16 -0500},
  journal	= {Journal of the American Statistical Association},
  month		= {September},
  pages		= {609},
  title		= {Full Matchining in an Observational Study of Coaching for
		  the SAT},
  volume	= {99},
  year		= {2004}
}

@Book{		  king89,
  address	= {New York},
  author	= {King, Gary},
  citeulike-article-id={107005},
  date-added	= {2007-09-03 22:45:16 -0500},
  date-modified	= {2007-09-03 22:45:16 -0500},
  keywords	= {statistics},
  publisher	= {Cambridge University Press},
  title		= {Unifying Political Methodology: The Likelihood Theory of
		  Statistical Inference},
  year		= {1989}
}

@Book{		  lohr:1999,
  author	= {Lohr, S.},
  date-added	= {2007-09-03 22:45:16 -0500},
  date-modified	= {2007-09-03 22:45:16 -0500},
  publisher	= {Brooks/Cole},
  title		= {{Sampling: Design and Analysis.}},
  year		= {1999}
}

@Article{	  neyman:1923,
  author	= {Neyman, J.},
  date-added	= {2007-09-03 22:45:16 -0500},
  date-modified	= {2011-05-14 21:06:03 -0500},
  journal	= {Statistical Science},
  note		= {reprint. Transl. by Dabrowska and Speed},
  pages		= {463--480},
  title		= {On the application of probability theory to agricultural
		  experiments. Essay on principles. Section 9 (1923)},
  volume	= {5},
  year		= {1923 {[1990]}}
}

@Book{		  rosenbaum:2002,
  author	= {Rosenbaum, Paul R.},
  date-added	= {2007-09-03 22:45:16 -0500},
  date-modified	= {2010-10-05 13:11:46 -0500},
  edition	= {Second},
  publisher	= {Springer-Verlag},
  title		= {Observational Studies},
  year		= {2002}
}

@Article{	  rosenbaum:2002a,
  author	= {Rosenbaum, Paul R.},
  date-added	= {2007-09-03 22:45:16 -0500},
  date-modified	= {2007-09-03 22:45:16 -0500},
  journal	= {Statistical Science},
  keywords	= {Covariance adjustment; Matching; observational studies;
		  PERMUTATION INFERENCE; Propensity score; Randomization
		  inference; Sensitivity analysis},
  local-url	= {~/Library/aclit/rosenbaum2002a.pdf},
  number	= {3},
  pages		= {286--327},
  title		= {Covariance adjustment in randomized experiments and
		  observational studies},
  volume	= {17},
  year		= {2002},
  bdsk-file-1	= {YnBsaXN0MDDUAQIDBAUIJidUJHRvcFgkb2JqZWN0c1gkdmVyc2lvblkkYXJjaGl2ZXLRBgdUcm9vdIABqAkKFRYXGyIjVSRudWxs0wsMDQ4RFFpOUy5vYmplY3RzV05TLmtleXNWJGNsYXNzog8QgASABqISE4ACgAOAB1lhbGlhc0RhdGFccmVsYXRpdmVQYXRo0hgNGRpXTlMuZGF0YU8RAiAAAAAAAiAAAgAADEZpc2hlck1haW5IRAAAAAAAAAAAAAAAAAAAAMPy711IKwAAARWfrB9yb3NlbmJhdW0yMDAyQ292QWRqIzExNUEwNTEucGRmAAAAAAAAAAAAAAAAAAAAAAAAAAAAAAAAAAAAAAAAAAABFaBRxZ41NwAAAAAAAAAAAAIABgAACSAAAAAAAAAAAAAAAAAAAAAHUkVBRElORwAAEAAIAADD80O9AAAAEQAIAADFnomXAAAAAQAcARWfrAEVn0wBFZzYAopkaQAK1uMACtbVAAB6bgACAGJGaXNoZXJNYWluSEQ6VXNlcnM6andib3dlcnM6U2l0ZXM6T2xkU2l0ZTpDTEFTU0VTOlBTNTkwZjA3OlJFQURJTkc6cm9zZW5iYXVtMjAwMkNvdkFkaiMxMTVBMDUxLnBkZgAOAE4AJgByAG8AcwBlAG4AYgBhAHUAbQAyADAAMAAyAEMAbwB2AEEAZABqAHUAcwB0AHAAbAB1AHMAQwBvAG0AbQBlAG4AdABzAC4AcABkAGYADwAaAAwARgBpAHMAaABlAHIATQBhAGkAbgBIAEQAEgBcVXNlcnMvandib3dlcnMvU2l0ZXMvT2xkU2l0ZS9DTEFTU0VTL1BTNTkwZjA3L1JFQURJTkcvcm9zZW5iYXVtMjAwMkNvdkFkanVzdHBsdXNDb21tZW50cy5wZGYAEwABLwAAFQACAA///wAAgAXSHB0eH1gkY2xhc3Nlc1okY2xhc3NuYW1lox8gIV1OU011dGFibGVEYXRhVk5TRGF0YVhOU09iamVjdF8QUy4uLy4uL1NpdGVzL09sZFNpdGUvQ0xBU1NFUy9QUzU5MGYwNy9SRUFESU5HL3Jvc2VuYmF1bTIwMDJDb3ZBZGp1c3RwbHVzQ29tbWVudHMucGRm0hwdJCWiJSFcTlNEaWN0aW9uYXJ5EgABhqBfEA9OU0tleWVkQXJjaGl2ZXIACAARABYAHwAoADIANQA6ADwARQBLAFIAXQBlAGwAbwBxAHMAdgB4AHoAfACGAJMAmACgAsQCxgLLAtQC3wLjAvEC+AMBA1cDXANfA2wDcQAAAAAAAAIBAAAAAAAAACgAAAAAAAAAAAAAAAAAAAOD}
		  ,
  bdsk-file-2	= {YnBsaXN0MDDUAQIDBAUIJidUJHRvcFgkb2JqZWN0c1gkdmVyc2lvblkkYXJjaGl2ZXLRBgdUcm9vdIABqAkKFRYXGyIjVSRudWxs0wsMDQ4RFFpOUy5vYmplY3RzV05TLmtleXNWJGNsYXNzog8QgASABqISE4ACgAOAB1lhbGlhc0RhdGFccmVsYXRpdmVQYXRo0hgNGRpXTlMuZGF0YU8RAeIAAAAAAeIAAgAADEZpc2hlck1haW5IRAAAAAAAAAAAAAAAAAAAAMPy711IKwAAAC3J4x9yb3NlbmJhdW0yMDAyQ292QWRqdSMyREUwRDQucGRmAAAAAAAAAAAAAAAAAAAAAAAAAAAAAAAAAAAAAAAAAAAALeDUxBfaEAAAAAAAAAAAAAIAAwAACSAAAAAAAAAAAAAAAAAAAAAGUEFQRVJTABAACAAAw/NDvQAAABEACAAAxBggYAAAAAEAEAAtyeMAr3FvAArW1QAAem4AAgBKRmlzaGVyTWFpbkhEOlVzZXJzOmp3Ym93ZXJzOkRyb3Bib3g6UEFQRVJTOnJvc2VuYmF1bTIwMDJDb3ZBZGp1IzJERTBENC5wZGYADgBOACYAcgBvAHMAZQBuAGIAYQB1AG0AMgAwADAAMgBDAG8AdgBBAGQAagB1AHMAdABwAGwAdQBzAEMAbwBtAG0AZQBuAHQAcwAuAHAAZABmAA8AGgAMAEYAaQBzAGgAZQByAE0AYQBpAG4ASABEABIARFVzZXJzL2p3Ym93ZXJzL0Ryb3Bib3gvUEFQRVJTL3Jvc2VuYmF1bTIwMDJDb3ZBZGp1c3RwbHVzQ29tbWVudHMucGRmABMAAS8AABUAAgAP//8AAIAF0hwdHh9YJGNsYXNzZXNaJGNsYXNzbmFtZaMfICFdTlNNdXRhYmxlRGF0YVZOU0RhdGFYTlNPYmplY3RfEDsuLi8uLi9Ecm9wYm94L1BBUEVSUy9yb3NlbmJhdW0yMDAyQ292QWRqdXN0cGx1c0NvbW1lbnRzLnBkZtIcHSQloiUhXE5TRGljdGlvbmFyeRIAAYagXxAPTlNLZXllZEFyY2hpdmVyAAgAEQAWAB8AKAAyADUAOgA8AEUASwBSAF0AZQBsAG8AcQBzAHYAeAB6AHwAhgCTAJgAoAKGAogCjQKWAqECpQKzAroCwwMBAwYDCQMWAxsAAAAAAAACAQAAAAAAAAAoAAAAAAAAAAAAAAAAAAADLQ==}
		  
}

@Article{	  rubin1990apt,
  author	= {Rubin, Donald B.},
  citeulike-article-id={207597},
  date-added	= {2007-09-03 22:45:16 -0500},
  date-modified	= {2007-09-10 14:56:20 -0500},
  journal	= {Statistical Science},
  keywords	= {neyman statistics},
  local-url	= {file://localhost/Users/jwbowers/Documents/PAPERS/Rub1990%5BOn%20.pdf}
		  ,
  number	= {4},
  opturl	= {http://links.jstor.org/sici?sici=0883-4237%28199011%295%3A4%3C472%3A%5BTAOPT%3E2.0.CO%3B2-A}
		  ,
  pages		= {472--480},
  priority	= {2},
  title		= {[On the Application of Probability Theory to Agricultural
		  Experiments. Essay on Principles. Section 9.] Comment:
		  Neyman (1923) and Causal Inference in Experiments and
		  Observational Studies},
  volume	= {5},
  year		= {1990},
  bdsk-file-1	= {YnBsaXN0MDDUAQIDBAUIJidUJHRvcFgkb2JqZWN0c1gkdmVyc2lvblkkYXJjaGl2ZXLRBgdUcm9vdIABqAkKFRYXGyIjVSRudWxs0wsMDQ4RFFpOUy5vYmplY3RzV05TLmtleXNWJGNsYXNzog8QgASABqISE4ACgAOAB1lhbGlhc0RhdGFccmVsYXRpdmVQYXRo0hgNGRpXTlMuZGF0YU8RAboAAAAAAboAAgAADEZpc2hlck1haW5IRAAAAAAAAAAAAAAAAAAAAMPy711IKwAAAC3J4xpSdWJpbjE5OTB7UnViMTk5MC1Pbi19LnBkZgAAAAAAAAAAAAAAAAAAAAAAAAAAAAAAAAAAAAAAAAAAAAAAAAAALd/wxBfaCQAAAAAAAAAAAAIAAwAACSAAAAAAAAAAAAAAAAAAAAAGUEFQRVJTABAACAAAw/NDvQAAABEACAAAxBggWQAAAAEAEAAtyeMAr3FvAArW1QAAem4AAgBFRmlzaGVyTWFpbkhEOlVzZXJzOmp3Ym93ZXJzOkRyb3Bib3g6UEFQRVJTOlJ1YmluMTk5MHtSdWIxOTkwLU9uLX0ucGRmAAAOADYAGgBSAHUAYgBpAG4AMQA5ADkAMAB7AFIAdQBiADEAOQA5ADAALQBPAG4ALQB9AC4AcABkAGYADwAaAAwARgBpAHMAaABlAHIATQBhAGkAbgBIAEQAEgA4VXNlcnMvandib3dlcnMvRHJvcGJveC9QQVBFUlMvUnViaW4xOTkwe1J1YjE5OTAtT24tfS5wZGYAEwABLwAAFQACAA///wAAgAXSHB0eH1gkY2xhc3Nlc1okY2xhc3NuYW1lox8gIV1OU011dGFibGVEYXRhVk5TRGF0YVhOU09iamVjdF8QLy4uLy4uL0Ryb3Bib3gvUEFQRVJTL1J1YmluMTk5MHtSdWIxOTkwLU9uLX0ucGRm0hwdJCWiJSFcTlNEaWN0aW9uYXJ5EgABhqBfEA9OU0tleWVkQXJjaGl2ZXIACAARABYAHwAoADIANQA6ADwARQBLAFIAXQBlAGwAbwBxAHMAdgB4AHoAfACGAJMAmACgAl4CYAJlAm4CeQJ9AosCkgKbAs0C0gLVAuIC5wAAAAAAAAIBAAAAAAAAACgAAAAAAAAAAAAAAAAAAAL5}
		  ,
  bdsk-file-2	= {YnBsaXN0MDDUAQIDBAUIJidUJHRvcFgkb2JqZWN0c1gkdmVyc2lvblkkYXJjaGl2ZXLRBgdUcm9vdIABqAkKFRYXGyIjVSRudWxs0wsMDQ4RFFpOUy5vYmplY3RzV05TLmtleXNWJGNsYXNzog8QgASABqISE4ACgAOAB1lhbGlhc0RhdGFccmVsYXRpdmVQYXRo0hgNGRpXTlMuZGF0YU8RAY4AAAAAAY4AAgAADEZpc2hlck1haW5IRAAAAAAAAAAAAAAAAAAAAMPy711IKwAAAC3J4w9SdWIxOTkwW09uIC5wZGYAAAAAAAAAAAAAAAAAAAAAAAAAAAAAAAAAAAAAAAAAAAAAAAAAAAAAAAAAAAAAAAACYhFAxwXSPwAAAAAAAAAAAAIAAwAACSAAAAAAAAAAAAAAAAAAAAAGUEFQRVJTABAACAAAw/NDvQAAABEACAAAxwYYjwAAAAEAEAAtyeMAr3FvAArW1QAAem4AAgA6RmlzaGVyTWFpbkhEOlVzZXJzOmp3Ym93ZXJzOkRyb3Bib3g6UEFQRVJTOlJ1YjE5OTBbT24gLnBkZgAOACAADwBSAHUAYgAxADkAOQAwAFsATwBuACAALgBwAGQAZgAPABoADABGAGkAcwBoAGUAcgBNAGEAaQBuAEgARAASAC1Vc2Vycy9qd2Jvd2Vycy9Ecm9wYm94L1BBUEVSUy9SdWIxOTkwW09uIC5wZGYAABMAAS8AABUAAgAP//8AAIAF0hwdHh9YJGNsYXNzZXNaJGNsYXNzbmFtZaMfICFdTlNNdXRhYmxlRGF0YVZOU0RhdGFYTlNPYmplY3RfECQuLi8uLi9Ecm9wYm94L1BBUEVSUy9SdWIxOTkwW09uIC5wZGbSHB0kJaIlIVxOU0RpY3Rpb25hcnkSAAGGoF8QD05TS2V5ZWRBcmNoaXZlcgAIABEAFgAfACgAMgA1ADoAPABFAEsAUgBdAGUAbABvAHEAcwB2AHgAegB8AIYAkwCYAKACMgI0AjkCQgJNAlECXwJmAm8ClgKbAp4CqwKwAAAAAAAAAgEAAAAAAAAAKAAAAAAAAAAAAAAAAAAAAsI=}
		  
}

@Book{		  simon94,
  address	= {New York, NY},
  author	= {Simon, Carl P. and Blume, Lawrence},
  citeulike-article-id={107117},
  date-added	= {2007-09-03 22:45:16 -0500},
  date-modified	= {2007-09-03 22:45:16 -0500},
  keywords	= {mathematics},
  publisher	= {W.W. Norton},
  title		= {Mathematics for Economists},
  year		= {1994}
}

@Article{	  wooldridge2003csm,
  author	= {Wooldridge, J.M.},
  date-added	= {2007-10-17 17:56:43 -0500},
  date-modified	= {2007-10-17 17:56:43 -0500},
  journal	= {The American Economic Review},
  number	= {2},
  pages		= {133--138},
  publisher	= {JSTOR},
  title		= {{Cluster-Sample Methods in Applied Econometrics}},
  volume	= {93},
  year		= {2003},
  bdsk-file-1	= {YnBsaXN0MDDUAQIDBAUIJidUJHRvcFgkb2JqZWN0c1gkdmVyc2lvblkkYXJjaGl2ZXLRBgdUcm9vdIABqAkKFRYXGyIjVSRudWxs0wsMDQ4RFFpOUy5vYmplY3RzV05TLmtleXNWJGNsYXNzog8QgASABqISE4ACgAOAB1lhbGlhc0RhdGFccmVsYXRpdmVQYXRo0hgNGRpXTlMuZGF0YU8RAaoAAAAAAaoAAgAADEZpc2hlck1haW5IRAAAAAAAAAAAAAAAAAAAAMPy711IKwAAAC3J4xZ3b29sZHJpZGdlMjAwM2NzbTAucGRmAAAAAAAAAAAAAAAAAAAAAAAAAAAAAAAAAAAAAAAAAAAAAAAAAAAAAAACfXS2x38sXwAAAAAAAAAAAAIAAwAACSAAAAAAAAAAAAAAAAAAAAAGUEFQRVJTABAACAAAw/NDvQAAABEACAAAx3+AvwAAAAEAEAAtyeMAr3FvAArW1QAAem4AAgBBRmlzaGVyTWFpbkhEOlVzZXJzOmp3Ym93ZXJzOkRyb3Bib3g6UEFQRVJTOndvb2xkcmlkZ2UyMDAzY3NtMC5wZGYAAA4ALgAWAHcAbwBvAGwAZAByAGkAZABnAGUAMgAwADAAMwBjAHMAbQAwAC4AcABkAGYADwAaAAwARgBpAHMAaABlAHIATQBhAGkAbgBIAEQAEgA0VXNlcnMvandib3dlcnMvRHJvcGJveC9QQVBFUlMvd29vbGRyaWRnZTIwMDNjc20wLnBkZgATAAEvAAAVAAIAD///AACABdIcHR4fWCRjbGFzc2VzWiRjbGFzc25hbWWjHyAhXU5TTXV0YWJsZURhdGFWTlNEYXRhWE5TT2JqZWN0XxArLi4vLi4vRHJvcGJveC9QQVBFUlMvd29vbGRyaWRnZTIwMDNjc20wLnBkZtIcHSQloiUhXE5TRGljdGlvbmFyeRIAAYagXxAPTlNLZXllZEFyY2hpdmVyAAgAEQAWAB8AKAAyADUAOgA8AEUASwBSAF0AZQBsAG8AcQBzAHYAeAB6AHwAhgCTAJgAoAJOAlACVQJeAmkCbQJ7AoICiwK5Ar4CwQLOAtMAAAAAAAACAQAAAAAAAAAoAAAAAAAAAAAAAAAAAAAC5Q==}
		  
}
